<record><leader>00000cas a22000007a 4500</leader><controlfield tag="001">14398194</controlfield><controlfield tag="008">861015d19331935iauwr ne      0    0eng d</controlfield><datafield ind1=" " ind2=" " tag="010"><subfield code="a">sn 86060252 </subfield></datafield><datafield ind1=" " ind2=" " tag="040"><subfield code="a">INP</subfield><subfield code="b">eng</subfield><subfield code="c">INP</subfield><subfield code="d">OCLCQ</subfield></datafield><datafield ind1=" " ind2=" " tag="042"><subfield code="a">msc</subfield></datafield><datafield ind1="0" ind2="0" tag="245"><subfield code="a">Fort Dodge independent, Lehigh valley Argus.</subfield></datafield><datafield ind1="3" ind2="0" tag="246"><subfield code="a">Fort Dodge independent</subfield></datafield><datafield ind1="1" ind2="3" tag="246"><subfield code="a">Fort Dodge independent and Lehigh valley Argus</subfield></datafield><datafield ind1=" " ind2=" " tag="260"><subfield code="a">Fort Dodge, Webster County, Iowa :</subfield><subfield code="b">Kent L. Pellett and Marie S. Pellett,</subfield><subfield code="c">1933-1935.</subfield></datafield><datafield ind1=" " ind2=" " tag="300"><subfield code="a">3 v. :</subfield><subfield code="b">ill.</subfield></datafield><datafield ind1=" " ind2=" " tag="310"><subfield code="a">Weekly</subfield></datafield><datafield ind1="0" ind2=" " tag="362"><subfield code="a">Vol. 51, no. 11 (Jan. 5, 1933)-v. 53, no. 25 (Apr. 18, 1935).</subfield></datafield><datafield ind1=" " ind2=" " tag="500"><subfield code="a">Official paper of Webster County.</subfield></datafield><datafield ind1=" " ind2=" " tag="500"><subfield code="a">Published as: Fort Dodge independent, July 12-Oct. 11, 1934.</subfield></datafield><datafield ind1=" " ind2=" " tag="752"><subfield code="a">United States</subfield><subfield code="b">Iowa</subfield><subfield code="c">Webster</subfield><subfield code="d">Fort Dodge.</subfield></datafield><datafield ind1="0" ind2="0" tag="780"><subfield code="t">Fort Dodge independent and Lehigh valley Argus</subfield><subfield code="w">(DLC)sn 86060251</subfield></datafield><datafield ind1="0" ind2="0" tag="785"><subfield code="t">Independent Argus</subfield><subfield code="w">(DLC)sn 86060250</subfield></datafield></record>